@article{GotoHarmful,
  author = {Edsger W. Dijkstra},
  title = {{Go To Statement Considered Harmful}},
  journaltitle = {Communications of the ACM},
  year = {March 1968},
  volume = {11},
  number = {3},
  pages = {147-148},
}
